@book{kopka1991latex,
	author = {Kopka, Helmut and Rahtz, Sebastian},
	publisher = {Addison-Wesley},
	title = {LaTeX: Einf\"{u}hrung},
	volume = {2},
	year = {1991}
}

@online{latexKomp,
	lastchecked = {2014-09-14},
	title = {LaTeX-Kompendium -- Wikibooks, Sammlung freier Lehr-, Sach- und Fachb\"{u}cher},
	url = {http://de.wikibooks.org/wiki/LaTeX-Kompendium}
}

@online{quelle,
	lastchecked = {2014-09-01},
	title = {Quellenangabe -- Wikipedia},
	url = {http://de.wikipedia.org/wiki/Quellenangabe#.C3.96sterreich}
}

@online{wiki:quelle,
	author = {Wikipedia},
	lastchecked = {2014-09-14},
	title = {Quellenangabe --- Wikipedia{,} Die freie Enzyklopädie},
	url = {http://de.wikipedia.org/w/index.php?title=Quellenangabe&oldid=131343956}
}

@online{ wiki:zitat,
   author = "Wikipedia",
   title = "Zitat --- Wikipedia{,} Die freie Enzyklopädie",
   url = "http://de.wikipedia.org/w/index.php?title=Zitat&oldid=134064196",
   lastchecked = "2014-09-14"
 }

@online{ris57,
	lastchecked = {2014-09-14},
	title = {Urheberrechtsgesetz},
	url = {http://www.ris.bka.gv.at/Dokumente/Bundesnormen/NOR40041632/NOR40041632.html}
}

@article{dittrich,
	author = {Dittrich, Robert},
	isbn = {3406516831},
	journal = {Urheberrecht im Informationszeitalter. Festschrift f\"{u}r Wilhelm Nordemann.},
	location = {M\"{u}nchen},
	pages = {617--624},
	title = {Zur Quellenangabe bei Zitaten.},
	year = {2004}
}

@online{layout,
  lastchecked = {2014-09-17},
  url = {http://www.siart.de/typografie/latextipps.xhtml#layout},
  title = {LaTeX-Tipps}
}

@online{listingtipp,
  lastchecked = {2014-09-17},
  url = {http://uweziegenhagen.de/?p=1500},
  title={LaTeX: Umlaute in utf8 Listings korrekt ausgeben}
}

@online{hagenberg,
lastchecked = {2016-10-09},
url = {https://github.com/Digital-Media/HagenbergThesis},
title={Hagenberg LaTeX Thesis Template}
}

@online{leitfaden,
lastchecked = { 2018-04-24 },
url = { https://moodle.htl.rennweg.at/MoodleKurs-Matura/HTL_RDP-AP_Leitfaden.pdf },
title = { Reife- und Diplomprüfung, Abschlussprüfung an technischen, gewerblichen und kunstgewerblichen Lehranstalten }
}

%%%%%%%%%%%%%%%%%%% QUELLEN COJA %%%%%%%%%%%%%%%%%%%%%%%%%%%%
@online{HED,
  lastchecked = { 2020-02-11 },
  url = { https://arxiv.org/abs/1504.06375 },
  title = { Holistically-Nested Edge Detection }
}

@online{VGGNet,
  lastchecked =  { 2020-02-11 },
  url = { https://arxiv.org/pdf/1409.1556.pdf },
  title = { VGGNet Architecture },
}

@online{GaussianKernel,
  lastchecked =  { 2020-02-15 },
  url = { https://docs.opencv.org/2.4/modules/imgproc/doc/filtering.html#getgaussiankernel },
  title = { Gaussian Kernel für Gewichte der Pixel um den Mittelwert zu ermitteln },
}

@online{SigmaFormel,
  lastchecked =  { 2020-02-18 },
  url = { https://stackoverflow.com/questions/14060017/calculate-the-gaussian-filters-sigma-using-the-kernels-size/14060998#14060998 },
  title = { Sigma Wert für Gaussche Glockenfunktion },
}

@online{OpenCVSigma,
  lastchecked =  { 2020-02-20 },
  url = { https://docs.opencv.org/2.4/modules/imgproc/doc/filtering.html#Mat%20getGaussianKernel(int%20ksize,%20double%20sigma,%20int%20ktype) },
  title = { Sigma Wert für Kernel in OpenCV },
}

@online{IntegralImages,
  lastchecked =  { 2020-02-15 },
  url = { https://www.youtube.com/watch?v=OaryG7m4OVI },
  title = { Integral Bilder um schnell die Summe der Pixelwerte in einem Block eines Bildes zu ermitteln },
}

@ARTICLE{Otsu,
  author={N. {Otsu}},
  journal={IEEE Transactions on Systems, Man, and Cybernetics},
  title={A Threshold Selection Method from Gray-Level Histograms},
  year={1979},
  volume={9},
  number={1},
  pages={62-66},
  keywords={Histograms;Marine vehicles;Radar tracking;Least squares approximation;Surveillance;Target tracking;Gaussian distribution;Displays;Q measurement;Sea measurements},
  doi={10.1109/TSMC.1979.4310076},
  ISSN={2168-2909},
  month={Jan},
}

@online{OtsuWiki,
  lastchecked =  { 2020-02-17 },
  url = { https://en.wikipedia.org/wiki/Otsu%27s_method },
  title = { Otsu's Method Wikipedia },
}

@online{OtsuVideo,
  lastchecked =  { 2020-02-17 },
  url = { https://www.youtube.com/watch?v=mnmjZOLjoBA },
  title = { Otsu Implementation Help },
}

@online{GausscherFilterFormel,
  lastchecked =  { 2020-02-19 },
  url = { https://www.youtube.com/watch?v=SYVrLncRYlU&start=2085 },
  title = { Gausscher Filter Formel },
}

@online{GausscherKernelRechner,
  lastchecked =  { 2020-02-19 },
  url = { http://dev.theomader.com/gaussian-kernel-calculator/ },
  title = { Gaussche Kernel Rechner Online },
}

@online{tesseract,
  lastchecked = { 2020-03-01 },
  url = { https://opensource.google/projects/tesseract },
  title = { Google Tesseract Engine }
}

@article{lstm,
author = {Hochreiter, Sepp and Schmidhuber, Jürgen},
year = {1997},
month = {12},
pages = {1735-80},
title = {Long Short-term Memory},
volume = {9},
journal = {Neural computation},
doi = {10.1162/neco.1997.9.8.1735}
}

@online{pytesseract,
  lastchecked = { 2020-03-01 },
  url = { https://pypi.org/project/pytesseract/ },
  title = { pytesseract Bibliothek }
}

@online{keystore,
  lastchecked = { 2020-03-01 },
  url = { https://developer.android.com/studio/publish/app-signing },
  title = { Sign your App by Google Play }
}

@online{flask_gunicorn,
  lastchecked = { 01.03.2020 },
  url = { https://flask.palletsprojects.com/en/1.1.x/deploying/wsgi-standalone/#gunicorn },
  title = { Flask Webserver Deployment with gunicorn }
}

@online{gunicorn_nginx,
  lastchecked = { 01.03.2020 },
  url = { https://docs.gunicorn.org/en/stable/deploy.html },
  title = { Flask Webserver Deployment with gunicorn }
}

@online{convex,
  lastchecked = { 01.03.2020 },
  url = { https://en.wikipedia.org/wiki/Quadrilateral#Simple_quadrilaterals}
  title = { Convex Quadrilateral }
}

%%%%%%%%%%%%%%%%%%% QUELLEN SECZER %%%%%%%%%%%%%%%%%%%%%%%%%%%%
@online {firestore,
	lastchecked = { 15.02.2020 },
	url = { https://firebase.google.com/docs/firestore },
	title = { Cloud Firestore | Firebase },
}

@online {storage,
	lastchecked = { 15.02.2020 },
	url = { https://firebase.google.com/docs/storage },
	title = { Cloud Storage | Firebase },
}

@online {cloudFunctions,
	lastchecked = { 15.02.2020 },
	url = { https://firebase.google.com/docs/functions },
	title = { Cloud Functions for Firebase | Firebase },
}